<collection xmlns="http://www.loc.gov/MARC21/slim"><record><leader>00845nam  2200253   450</leader><controlfield tag="001">296</controlfield><controlfield tag="003">http://montalegre.opacnet.com/OPAC/default.aspx?ContentAreaControl=ShowRegHoldings.ascx&amp;RegNo=16662</controlfield><datafield tag="010" ind1=" " ind2=" "><subfield code="a">972-41-3564-0</subfield></datafield><datafield tag="021" ind1=" " ind2=" "><subfield code="a">PT</subfield><subfield code="b">198074/03</subfield></datafield><datafield tag="100" ind1=" " ind2=" "><subfield code="a">20040303d2003    m  y0pory0103    ba</subfield></datafield><datafield tag="101" ind1="0" ind2=" "><subfield code="a">por</subfield></datafield><datafield tag="102" ind1=" " ind2=" "><subfield code="a">PT</subfield></datafield><datafield tag="105" ind1=" " ind2=" "><subfield code="a">y   z   001yy</subfield></datafield><datafield tag="106" ind1=" " ind2=" "><subfield code="a">r</subfield></datafield><datafield tag="200" ind1="1" ind2=" "><subfield code="a">&lt;O &gt;livro das emoções</subfield><subfield code="e">&lt;o &gt;som da razão sem coração</subfield><subfield code="f">Laura Esquivel</subfield><subfield code="g">trad. Carlos Sousa de Almeida</subfield></datafield><datafield tag="205" ind1=" " ind2=" "><subfield code="a">1ª ed</subfield></datafield><datafield tag="210" ind1=" " ind2=" "><subfield code="a">Porto</subfield><subfield code="c">Asa</subfield><subfield code="d">2003</subfield></datafield><datafield tag="215" ind1=" " ind2=" "><subfield code="a">89, [7] p.</subfield><subfield code="d">22 cm</subfield></datafield><datafield tag="320" ind1=" " ind2=" "><subfield code="a">Bibliografia, p. 89</subfield></datafield><datafield tag="675" ind1=" " ind2=" "><subfield code="a">821.134.2(72)-4"19"</subfield><subfield code="v">BN</subfield><subfield code="z">por</subfield><subfield code="3">706357</subfield></datafield><datafield tag="700" ind1=" " ind2="1"><subfield code="a">Esquivel</subfield><subfield code="b">Laura</subfield><subfield code="f">1950</subfield><subfield code="3">100267</subfield></datafield><datafield tag="702" ind1=" " ind2="1"><subfield code="a">Almeida</subfield><subfield code="b">Carlos Sousa de</subfield><subfield code="4">730</subfield><subfield code="3">31282</subfield></datafield><datafield tag="801" ind1=" " ind2="0"><subfield code="a">PT</subfield><subfield code="b">Biblioteca Municipal de Montalegre</subfield><subfield code="g">RPC</subfield></datafield><datafield tag="856" ind1=" " ind2=" "><subfield code="u">locateMedia.asp?cod=20060511121103&amp;ext=jpg</subfield><subfield code="z">CAPA</subfield></datafield><datafield tag="909" ind1="&#9;" ind2=" "><subfield code="a">1</subfield></datafield><datafield tag="966" ind1=" " ind2=" "><subfield code="a">0015911</subfield><subfield code="l">BMM</subfield><subfield code="s">SCG 821.134.2(7/8) ESQ liv</subfield></datafield></record></collection>